
@MISC{chatgpt-conda-venv-uv,
  title        = "Percakapan ChatGPT mengenai perbedaan conda, venv, dan uv",
  author       = "OpenAI",
  abstract     = "Tutorial Belajar LaTeX Dasar untuk Pemula",
  publisher    = "Blogger",
  month        =  "18~" # dec,
  year         =  2025,
  howpublished = "\url{https://chatgpt.com/share/68b1602e-a83c-8012-b54e-21c1c71b5368}",
  note         = "Accessed: 2025-8-29"
}

